@online{ray-1,
  title = {An Overview of the Ray-Tracing Rendering Technique},
  url = {https://www.scratchapixel.com/lessons/3d-basic-rendering/ray-tracing-overview},
  note = {(Accessed: 2021-12-12)},
  language = {english}
}

@online{stack,
  title = {Writing BMP image in pure c/c++ without other libraries},
  url = {https://stackoverflow.com/questions/2654480/writing-bmp-image-in-pure-c-c-without-other-libraries},
  note = {(Accessed: 2021-12-12)},
  language = {english}
}


